@misc{CherenkovLight,
  title        = {Atmospheric Cherenkov light},
  author       = {Konrad Bernlöhr},
  year         = {2024},
  howpublished = {\url{https://www.mpi-hd.mpg.de/hfm/CosmicRay/ChLight/Cherenkov.html}},
  note         = {Accessed: (21.02.2024)}
}

@misc{CherenkovRadiation,
  title        = {Advanced Test Reactor core, Idaho National Laboratory},
  author       = {Argonne National Laboratory},
  year         = {2009},
  howpublished = {\url{www.flickr.com/photos/35734278@N05/3954062594/}},
  note         = {Accessed: (10.04.2024)}
}

@misc{PairProduction,
  title        = {Pair Production and Annihilation},
  author       = {Min-Kyong},
  year         = {2024},
  howpublished = {\url{http://electrons.wikidot.com/pair-production-and-annihilation}},
  note         = {Accessed: (10.04.2024)}
}

@misc{Bremsstrahlung,
  title        = {Rayonnement continu de freinage},
  author       = {Wikipédia, l'encyclopédie libre.},
  year         = {2023},
  howpublished = {\url{http://fr.wikipedia.org/w/index.php?title=Rayonnement_continu_de_freinage&oldid=205544775}},
  note         = {Accessed: (10.04.2024)}
}

@phdthesis{TjarkPHD,
  title  = {Indirect Dark Matter Searches in the Gamma-ray Band and Development of New Analysis Techniques for Ground-based Gamma-ray Astronomy},
  author = {Tjark Miener},
  year   = {2023}
}

@misc{Integral,
  title        = {Integral overview},
  author       = {European Space Agency},
  year         = {2002},
  howpublished = {\url{https://www.esa.int/Science_Exploration/Space_Science/Integral_overview}},
  note         = {Accessed: (14.04.2024)}
}

@misc{IntegralSpecs,
  title        = {Integral Specifications},
  author       = {Lorella Angelini Jesse Allen},
  year         = {2022},
  howpublished = {\url{https://heasarc.gsfc.nasa.gov/docs/integral/integral.html}},
  note         = {Accessed: (14.04.2024)}
}

@misc{IntegralImage,
  title        = {Integral Rendition},
  author       = {European Space Agency},
  year         = {2002},
  howpublished = {\url{https://www.esa.int/ESA_Multimedia/Images/2001/11/Integral}},
  note         = {Accessed: (14.04.2024)}
}

@misc{Fermi,
  title        = {Fermi Gamma-ray Space Telescope},
  author       = {National Aeronautics and Space Administration},
  year         = {2024},
  howpublished = {\url{https://fermi.gsfc.nasa.gov/}},
  note         = {Accessed: (15.04.2024)}
}

@misc{FermiImage,
  title        = {Fermi Gamma-ray Space Telescope},
  author       = {National Aeronautics and Space Administration},
  year         = {2023},
  howpublished = {\url{https://science.nasa.gov/mission/fermi}},
  note         = {Accessed: (15.04.2024)}
}

@misc{Magic,
  title        = {The MAGIC Telescopes},
  author       = {MAGIC Group},
  year         = {n.d.},
  howpublished = {\url{https://magic.mpp.mpg.de/}},
  note         = {Accessed: (16.04.2024)}
}

@misc{MagicImage,
  title        = {The MAGIC Telescopes Photo},
  author       = {MAGIC Group},
  year         = {n.d.},
  howpublished = {\url{https://magic.mpp.mpg.de/gallery/pictures/tn/IMG_2520.JPG.html}},
  note         = {Accessed: (16.04.2024)}
}

@misc{Hess,
  title        = {The H.E.S.S. Telescopes},
  author       = {Werner Hofmann},
  year         = {2012},
  howpublished = {\url{https://www.mpi-hd.mpg.de/}},
  note         = {Accessed: (16.04.2024)}
}

@misc{HessImage,
  title        = {The H.E.S.S. II five-telescope gamma-ray experiment in Namibia.},
  author       = {Klepser, DESY, H.E.S.S. collaboration},
  year         = {2012},
  howpublished = {\url{https://commons.wikimedia.org/wiki/File:HESS_II_gamma_ray_experiment_five_telescope_array.jpg}},
  note         = {Accessed: (16.04.2024)}
}

@misc{Veritas,
  title        = {Very Energetic Radiation Imagin Telescope Array System},
  author       = {Veritas},
  year         = {2004},
  howpublished = {\url{https://veritas.sao.arizona.edu/}},
  note         = {Accessed: (16.04.2024)}
}

@misc{Hawc,
  title        = {The High-Altitude Water Cherenkov Gamma-Ray Observatory},
  author       = {The HAWC Collaboration},
  year         = {2004},
  howpublished = {\url{https://www.hawc-observatory.org}},
  note         = {Accessed: (16.04.2024)}
}

@misc{Ctao,
  title        = {Cherenkov Telescope Array Observatory},
  author       = {CTAO},
  year         = {n.d.},
  howpublished = {\url{https://www.ctao.org/}},
  note         = {Accessed: (18.04.2024)}
}

@misc{CtaoImage,
  title        = {CTAO Northern Hemisphere Array Rendering},
  author       = {CTAO, Gabriel Pérez Díaz, IAC},
  year         = {2017},
  howpublished = {\url{https://www.flickr.com/photos/cta_observatory/32835056736/}},
  note         = {Accessed: (18.04.2024)}
}

@misc{Nuses,
  title        = {The NUSES space mission},
  author       = {Caterina Trimarelli},
  year         = {2023},
  howpublished = {\url{https://indico.cern.ch/event/1199289/contributions/5446979/attachments/2703059/4692617/NUSES_TAUP.pdf}},
  note         = {Accessed: (14.04.2024)}
}

@misc{LowEarthOrbit,
  title        = {Low Earth orbit},
  author       = {European Space Agency},
  year         = {2020},
  howpublished = {\url{https://www.esa.int/ESA_Multimedia/Images/2020/03/Low_Earth_orbit}},
  note         = {Accessed: (15.04.2024)}
}

@misc{HeliosynchronousOrbit,
  title        = {Polar and Sun-synchronous orbit},
  author       = {European Space Agency},
  year         = {2020},
  howpublished = {\url{https://www.esa.int/ESA_Multimedia/Images/2020/03/Polar_and_Sun-synchronous_orbit}},
  note         = {Accessed: (15.04.2024)}
}

@article{Burmistrov_2023,
  title     = {Terzina on board NUSES: A pathfinder for EAS Cherenkov Light Detection from space},
  volume    = {283},
  issn      = {2100-014X},
  url       = {http://dx.doi.org/10.1051/epjconf/202328306006},
  doi       = {10.1051/epjconf/202328306006},
  journal   = {EPJ Web of Conferences},
  publisher = {EDP Sciences},
  author    = {Burmistrov, Leonid},
  editor    = {De Mitri, I. and Barbato, F.C.T. and Boncioli, D. and Evoli, C. and Pagliaroli, G. and Salamida, F.},
  year      = {2023},
  pages     = {06006}
}

@misc{PeExtractor,
  title        = {PE Extractor},
  author       = {Yves Renier},
  year         = {2020},
  howpublished = {\url{https://github.com/cta-sst-1m/pe-extractor}},
  note         = {Accessed: (18.04.2024)}
}

@misc{Autoencoder,
  title        = {Autoencoder schema},
  author       = {Michela Massi},
  year         = {2019},
  howpublished = {\url{https://commons.wikimedia.org/w/index.php?title=File:Autoencoder_schema.png&oldid=808656740}},
  note         = {Accessed: (19.04.2024)}
}

@article{IbmAutoencoder,
  title        = {What is an autoencoder?},
  author       = {Dave Bergmann, Cole Stryker, IBM},
  year         = {2023},
  howpublished = {\url{https://www.ibm.com/topics/autoencoder}},
  note         = {Accessed: (19.04.2024)}
}

@misc{RnnImage,
  title        = {Recurrent neural network unfold},
  author       = {fdeloche, Wikimedia Commons},
  year         = {2017},
  howpublished = {\url{https://commons.wikimedia.org/w/index.php?title=File:Recurrent_neural_network_unfold.svg&oldid=854998628}},
  note         = {Accessed: (19.04.2024)}
}

@misc{ConvImage,
  title        = {Convolutional layer},
  author       = {Aphex34, Wikimedia Commons},
  year         = {2015},
  howpublished = {\url{https://commons.wikimedia.org/w/index.php?title=File:Conv_layer.png&oldid=867907596}},
  note         = {Accessed: (19.04.2024)}
}

@misc{CTLearn,
  title        = {Getting started with DL1DH+CTLearn},
  author       = {Tjark Miener},
  year         = {2024},
  howpublished = {\url{https://commons.wikimedia.org/w/index.php?title=File:Conv_layer.png&oldid=867907596}},
  note         = {Accessed: (19.04.2024)}
}

@misc{LSTSpecifications,
  title        = {LST Specifications},
  author       = {CTAO},
  year         = {2024},
  howpublished = {\url{https://www.ctao.org/wp-content/uploads/Specifications_LST_2024.pdf}},
  note         = {Accessed: (16.08.2024)}
}

@misc{LinearSeparation,
  title        = {Deep Learning and Geometric Deep Learning: an introduction for mathematicians and physicists - Scientific Figure on ResearchGate},
  author       = {Rita Fioresi, F. Zanchetta},
  year         = {2023},
  howpublished = {\url{https://www.researchgate.net/figure/Linearly-separable-and-linearly-non-separable-sets-githuborg_fig4_370634232}},
  note         = {Accessed: (16.08.2024)}
}

@misc{MLPImage,
  title        = {ASSESSMENT OF ARTIFICIAL NEURAL NETWORK FOR BATHYMETRY ESTIMATION USING HIGH RESOLUTION SATELLITE IMAGERY IN SHALLOW LAKES: CASE STUDY EL BURULLUS LAKE. - Scientific Figure on ResearchGate},
  author       = {Mohamed Zahran},
  year         = {2015},
  howpublished = {\url{https://www.researchgate.net/figure/A-hypothetical-example-of-Multilayer-Perceptron-Network_fig4_303875065}},
  note         = {Accessed: (18.08.2024)}
}

@misc{PerceptronImage,
  title        = {What is Perceptron: A Beginners Guide for Perceptron},
  author       = {Mayank Banoula},
  year         = {2023},
  howpublished = {\url{https://www.simplilearn.com/tutorials/deep-learning-tutorial/perceptron}},
  note         = {Accessed: (18.08.2024)}
}

@misc{GradientDescentImage,
  title        = {5 Concepts You Should Know About Gradient Descent and Cost Function},
  author       = {Clare Liu},
  year         = {2022},
  howpublished = {\url{https://www.kdnuggets.com/2020/05/5-concepts-gradient-descent-cost-function.html}},
  note         = {Accessed: (18.08.2024)}
}

@misc{CTLearnWorkflow,
  title        = {Getting started with DL1DH+CTLearn},
  author       = {Tjark Miener},
  year         = {2024},
  howpublished = {Support de présentation},
}

@misc{CTAOComputingChallenges,
  title        = {5 Concepts You Should Know About Gradient Descent and Cost Function},
  author       = {CTAO},
  year         = {2022},
  howpublished = {\url{https://indico.cern.ch/event/1096028/contributions/4761499/attachments/2404761/4113415/CTA-GDB_2022.pdf}},
  note         = {Accessed: (18.08.2024)}
}

@misc{PoolingImage,
  title        = {Application of Transfer Learning Using Convolutional Neural Network Method for Early Detection of Terry’s Nail},
  author       = {Muhamad Yani},
  year         = {2019},
  howpublished = {\url{https://www.researchgate.net/figure/Illustration-of-Max-Pooling-and-Average-Pooling-Figure-2-above-shows-an-example-of-max_fig2_333593451}},
  note         = {Accessed: (19.08.2024)}
}

